@online{hertzPathIntegralMethods2016,
  title = {Path Integral Methods for the Dynamics of Stochastic and Disordered Systems},
  author = {Hertz, John A. and Roudi, Yasser and Sollich, Peter},
  date = {2016-04-20},
  eprint = {1604.05775},
  eprinttype = {arXiv},
  doi = {10.48550/arXiv.1604.05775},
  pubstate = {prepublished},
  keywords = {Condensed Matter - Disordered Systems and Neural Networks,Condensed Matter - Statistical Mechanics},
}
